<record><leader>00000cas a22000007a 4500</leader><controlfield tag="001">14696165</controlfield><controlfield tag="008">861110d195619uuinuar ne      0    0eng d</controlfield><datafield ind1=" " ind2=" " tag="010"><subfield code="a">sn 86058952 </subfield></datafield><datafield ind1=" " ind2=" " tag="040"><subfield code="a">NPI</subfield><subfield code="b">eng</subfield><subfield code="c">NPI</subfield><subfield code="d">OCLCQ</subfield></datafield><datafield ind1=" " ind2=" " tag="042"><subfield code="a">msc</subfield></datafield><datafield ind1="0" ind2="4" tag="245"><subfield code="a">The Santa Claus times.</subfield></datafield><datafield ind1=" " ind2=" " tag="260"><subfield code="a">Tell City, Ind. :</subfield><subfield code="b">News Pub. Co.</subfield></datafield><datafield ind1=" " ind2=" " tag="310"><subfield code="a">Annual,</subfield><subfield code="b">1968-</subfield></datafield><datafield ind1=" " ind2=" " tag="321"><subfield code="a">Quarterly,</subfield><subfield code="b">&lt;-1967&gt;</subfield></datafield><datafield ind1=" " ind2=" " tag="588"><subfield code="a">Description based on: Vol. 6, no. 3 (June 1963).</subfield></datafield><datafield ind1=" " ind2=" " tag="752"><subfield code="a">United States</subfield><subfield code="b">Indiana</subfield><subfield code="c">Spencer</subfield><subfield code="d">Santa Claus.</subfield></datafield><datafield ind1=" " ind2=" " tag="752"><subfield code="a">United States</subfield><subfield code="b">Indiana</subfield><subfield code="c">Perry</subfield><subfield code="d">Tell City.</subfield></datafield></record>